

@Article{R1,
  author =       "G. Dournes and CS. Hall and MM. Willmering and AS. Brody and J. Macey and S. Bui and B. Denis de Senneville and P. Berger and F. Laurent and I. Benlala and JC. Woods",
  title =        "Artificial intelligence in computed tomography for quantifying lung changes in the era of CFTR modulators",
  journal = 	 "European Respiratory Journal",
  year = 	 "2022",
  volume = 	 "59",
}


@Article{R2,
  author =       "T. Boeken and J. Feydy and A. Lecler and P. Soyer and A. Feydy and M. Barat and al",
  title =        "Artificial intelligence in diagnostic and interventional radiology: Where are we now?",
  journal = 	  "Diagnostic and Interventional Imaging",
  year = 	 "2022",
  volume = 	 "104",
  pages = "1-5"
}


@Article{R3,
  author =       "M. Kirby and BM. Smith",
  title =        "Quantitative CT Scan Imaging of the Airways for Diagnosis and Management of Lung Disease",
  journal = 	 "CHEST",
  year = 	 "2023",
  volume = 	 "164",
  pages = "1150-1158"
}

@Article{R4,
  author =       "KJ. Bayfield and TA. Douglas and T. Rosenow and JC. Davies and SJ. Elborn and M. Mall and al",
  title =        "Time to get serious about the detection and monitoring of early lung disease in cystic fibrosis",
  journal = 	 "Thorax",
  year = 	 "2021",
  volume = 	 "76",
  pages = "1255-1265"
}


@Article{R6,
  author =       "AS. Brody and MR. Kosorok and Z. Li and LS. Broderick and JL. Foster and A. Laxova and al",
  title =        "Reproducibility of a scoring system for computed tomography scanning in cystic fibrosis",
  journal = 	 "Journal of Thoracic Imaging",
  year = 	 "2006",
  volume = 	 "21",
  pages = "14-21"
}



@Article{R7,
  author =       "F. Isensee and PF. Jaeger and SAA. Kohl and J. Petersen and KH. Maier-Hein",
  title =        "nnU-Net: a self-configuring method for deep learning-based biomedical image segmentation",
  journal = 	 "Nature Methods",
  year = 	 "2021",
  volume = "18",
  pages = "203-211"
}



@Article{R8,
  author =       "A. Reinke and MD. Tizabi and CH. Sudre and M. Eisenmann and T. Rädsch and M. Baumgartner and al",
  title =        "Common Limitations of Image Processing Metrics: A Picture Story",
  journal = 	 "ArXivOrg",
  year = 	 "2023",

}



@Article{R9,
  author =       "SA. Taghanaki and K. Abhishek and JP. Cohen and J. Cohen-Adad and G. Hamarneh and M. Baumgartner and al",
  title =        "Deep Semantic Segmentation of Natural and Medical Images: A Review",
  journal = 	 "ArXivOrg",
  year = 	 "2020",

}

@Article{R10,
  author =       "J. Ma and J. Chen and M. Ng and R. Huang and Y. Li and C. Li and al",
  title =        "Loss odyssey in medical image segmentation",
  journal = 	 " Medical Image Analysis",
  year = 	 "2021",
  volume = 	 "71",

}

@Article{R11,
  author =       "L. Maier-Hein and E. Al and B. Menze and al",
  title =        "Metrics reloaded: Pitfalls and recommendations for image analysis validation",
  journal = 	 "ArXivOrg",
  year = 	 "2022",

}



@Article{R12,
  author =       "RR. Selvaraju and M. Cogswell and A. Das and R. Vedantam and D. Parikh and D. Batra",
  title =        "Grad-CAM: Visual Explanations from Deep Networks via Gradient-Based Localization",
  journal = 	 "IEEE International Conference on Computer Vision (ICCV)",
  year = 	 "2017",
  pages = "618-626"

}


@Article{R13,
  author =       "Y. Gal and Z. Ghahramani",
  title =        "Dropout as a Bayesian approximation: representing model uncertainty in deep learning",
  journal = 	 "Proceedings of the 33rd International Conference on International Conference on Machine Learning",
  year = 	 "2016",
  volume = 	 "48",
  pages = "1050-1059"

}



@Article{R14,
  author =       "D. Müller and I. Soto-Rey and F. Kramer",
  title =        "Towards a guideline for evaluation metrics in medical image segmentation",
  journal = 	 "BMC Research Notes",
  year = 	 "2022",
  volume = 	 "15",

}



@Article{R15,
  author =       "B. Liu and J. Dolz and A. Galdran and R. Kobbi and I. Ben Ayed ",
  title =        "Do we really need dice? The hidden region-size biases of segmentation losses",
  journal = 	 "Medical Image Analysis",
  year = 	 "2024",
  volume = 	 "91",

}


@Article{R16,
  author =       "L. Crespi and D. Loiacono and P. Sartori and R. Kobbi",
  title =        "Are 3D better than 2D Convolutional Neural Networks for Medical Imaging Semantic Segmentation?",
  journal = 	 "International Joint Conference on Neural Networks (IJCNN)",
  year = 	 "2022",
  pages = 	 "1-8",

}



@Article{R17,
  author =       "X. Zhao and P. Zhang and F. Song and C. Ma and G. Fan and Y. Sun and al ",
  title =        "Prior Attention Network for Multi-Lesion Segmentation in Medical Images",
  journal = 	 "IEEE Transactions on Medical Imaging",
  year = 	 "2022",
  volume = 	 "41",
  pages = 	 "3812-3823",

}





