%%% サプライチェーンにおける問題に関連する文献
% 偽造品の流通額
@book{OECD/EUIPO2019,
author = {{OECD and European Union Intellectual Property Office}},
title = "Trends in Trade in Counterfeit and Pirated Goods",
publisher = "OECD Publishing",
year = "2019",
pages = 84,
doi = "https://doi.org/https://doi.org/10.1787/g2g9f533-en" 
}

% ブルウィップ・エフェクト
@article{bullwhip,
author = {Hau L. Lee and V. Padanabhan and Seungjin Whang},
title = {{The Bullwhip Effect in Supply Chains}},
year = {1997},
month = apr,
pages = {93--102},
journal = {MIT Sloan Manage Review},
volume = {38}
}

% ブルウィップ・エフェクトの影響に関する文献
@article{Ouyang2007,
author = {Ouyang, Yanfeng},
doi = {10.1016/J.EJOR.2006.09.037},
issn = {0377-2217},
journal = {European Journal of Operational Research},
month = nov,
number = {3},
pages = {1107--1121},
publisher = {North-Holland},
title = {{The effect of information sharing on supply chain stability and the bullwhip effect}},
volume = {182},
year = {2007}
}

% 食中毒のインシデント
@misc{chipotle,
author = {{Centers for Disease Control and Prevention}},
title = {Multistate Outbreaks of {Shiga toxin-producing Escherichia coli O26} Infections Linked to {Chipotle Mexican Grill Restaurants} (Final Update)},
howpublished = {\url{https://www.cdc.gov/ecoli/2015/o26-11-15/index.html}},
year = 2016,
month = feb,
note = "[Online; accessed 17-March-2020]"
}

% リコール率の問題
@misc{keisansyo,
author = {{経済産業省 産業保安グループ 製品安全課}},
title = {リコールの効率向上に向けて},
howpublished = "{\url{https://www.meti.go.jp/shingikai/shokeishin/seihin_anzen/pdf/015_02_00.pdf}}",
year = 2018,
month = mar
}

@article{OECD2018,
author = {OECD},
title = {Enhancing product recall effectiveness globally},
journal = {OECD Science, Technology and Industry Policy Papers},
number = 58,
year = 2018,
month = nov
}

%%% Blockchain applies to supply-chain
%% 具体的な実装あり
@article{Toyoda2017,
author = {Toyoda, Kentaroh and {Takis Mathiopoulos}, P. and Sasase, Iwao and Ohtsuki, Tomoaki},
doi = {10.1109/ACCESS.2017.2720760},
journal = {IEEE Access},
keywords = {Anti-counterfeits technology,Ethereum,POMS (products ownership management system),blockchain,security},
pages = {17465--17477},
title = {A Novel Blockchain-Based Product Ownership Management System {(POMS)} for Anti-Counterfeits in the Post Supply Chain},
volume = {5},
year = {2017}
}

@article{TRU,
author = {Kim, Henry M. and Laskowski, Marek},
title = {Toward an ontology-driven blockchain design for supply-chain provenance},
journal = {Intelligent Systems in Accounting, Finance and Management},
volume = {25},
number = {1},
pages = {18-27},
doi = {10.1002/isaf.1424},
year = {2018},
month= mar
}

@InProceedings{HZL19,
author="Huang, Haihui and Zhou, Xiuxiu and Liu, Jun",
title={Food Supply Chain Traceability Scheme Based on Blockchain and {EPC} Technology},
booktitle="Proceedings of Smart Blockchain",
year="2019",
pages="32--42",
isbn="978-3-030-34083-4"
}

%% 実装なし
@INPROCEEDINGS{Feng2016,
author={{Feng Tian}},
booktitle={Proceedings of 2016 13th International Conference on Service Systems and Service Management (ICSSSM)},
title={An agri-food supply chain traceability system for China based on RFID blockchain technology},
year={2016},
volume={},
number={},
pages={1-6},
doi={10.1109/ICSSSM.2016.7538424},
ISSN={2161-1904},
month= jun
}

@article{Li2006,
author = {Li, Suhong and Lin, Binshan},
doi = {10.1016/J.DSS.2006.02.011},
issn = {0167-9236},
journal = {Decision Support Systems},
month = dec,
number = {3},
pages = {1641--1656},
publisher = {North-Holland},
title = {{Accessing information sharing and information quality in supply chain management}},
volume = {42},
year = {2006}
}

%% Blockchain - supply chain の調査論文
@article{Kshetri2018,
author = {Kshetri, Nir},
doi = {10.1016/j.ijinfomgt.2017.12.005},
issn = {02684012},
journal = {International Journal of Information Management},
pages = {80--89},
publisher = {Elsevier},
title = {{1 Blockchain's roles in meeting key supply chain management objectives}},
volume = {39},
year = {2018}
}

%% Blockchain - supply chain をやっている企業
@misc{modum,
title = {{modum}},
howpublished = "{\url{https://modum.io/}}",
note = "[Online; accessed 17-March-2020]"
}

@misc{chronicled,
title = {{Chronicled}},
howpublished = "{\url{https://www.chronicled.com/}}",
note = "[Online; accessed 17-March-2020]"
}

@misc{IBMsc,
title = {{IBM Blockchain for supply chain}},
howpublished = "{\url{https://www.ibm.com/blockchain/industries/supply-chain}}",
note = "[Online; accessed 17-March-2020]"
}



%%% zk-SNARKs
% Pinocchio
@inproceedings{PGHR13,
author = {Parno, B and Howell, J and Gentry, C and Raykova, M},
booktitle = {Proceedings of 2013 IEEE Symposium on Security and Privacy},
doi = {10.1109/SP.2013.47},
pages = {238--252},
title = {{Pinocchio: Nearly Practical Verifiable Computation}},
year = {2013},
month = may
}

@InProceedings{G16,
author={Groth, Jens},
title={{On the Size of Pairing-Based Non-interactive Arguments}},
booktitle={{Proceedings of Advances in Cryptology -- EUROCRYPT 2016}},
year={2016},
pages={305--326},
month = apr
}

@InProceedings{GM17,
author={Groth, Jens and Maller, Mary},
title={{Snarky Signatures: Minimal Signatures of Knowledge from Simulation-Extractable SNARKs}},
booktitle={{Proceedings of Advances in Cryptology -- CRYPTO 2017}},
year={2017},
pages={581--612},
month = jul
}

% zk-SNARKs
@inproceedings{snarks,
author = {Eli Ben-Sasson and Alessandro Chiesa and Eran Tromer and Madars Virza},
title = {Succinct Non-Interactive Zero Knowledge for a von Neumann Architecture},
booktitle = {Proceedings of 23rd {USENIX} Security Symposium ({USENIX} Security 14)},
year = {2014},
pages = {781--796},
month = aug
}

@Article{Goldreich1994,
author="Goldreich, Oded
and Oren, Yair",
title="Definitions and properties of zero-knowledge proof systems",
journal="Journal of Cryptology",
year="1994",
month=dec,
volume="7",
number="1",
pages="1--32",
issn="1432-1378",
doi="10.1007/BF00195207",
}


@InProceedings{zk-SNARKsInBC,
author="Pinto, Alexandre Miranda",
title={An Introduction to the Use of {zk-SNARKs} in Blockchains},
booktitle="Proceedings of Mathematical Research for Blockchain Economy",
year="2020",
pages="233--249",
isbn="978-3-030-37110-4"
}



%%% Blockchain
%% Bitcoin
@misc{Nakamoto2008,
author = {Satoshi Nakamoto},
title = {{Bitcoin: A Peer-to-Peer Electronic Cash System}},
year = {2008},
howpublished = "{\url{https://bitcoin.org/bitcoin.pdf}}",
note = "[Online; accessed 17-March-2020]"
}

%% Ethereum
@journal{Ethereum,
author = {Vitalik Buterin},
title = {A next-generation smart contract and decentralized application platform},
journal = {white paper},
year = {2014},
}

@misc{ZCash,
title = {{ZCash}},
howpublished = "{\url{https://z.cash/}}",
note = "[Online; accessed 17-March-2020]"
}

@misc{Monero,
title = {{Monero}},
howpublished = "{\url{https://www.getmonero.org/}}",
note = "[Online; accessed 17-March-2020]"
}




%%% 実装・評価
%% 実装関連
@misc{ZoKrates,
title = {{ZoKrates}},
howpublished = "{\url{https://github.com/Zokrates/ZoKrates}}",
note = "[Online; accessed 17-March-2020]"
}

@misc{Solidity,
title = {{Solidity}},
howpublished = "{\url{https://solidity.readthedocs.io/}}",
note = "[Online; accessed 17-March-2020]"
}

@misc{Remix,
title = {{Remix - Ethereum IDE}},
howpublished = "{\url{https://remix.ethereum.org}}",
note = "[Online; accessed 17-March-2020]"
}

%% コスト評価に利用
@misc{Etherscan,
title = {Etherscan},
howpublished = "{\url{https://etherscan.io/}}",
note = "[Online; accessed 17-March-2020]"
}



%%% 楕円曲線関連
@book{Washington08,
author = {Washington, Lawrence},
title = {{Elliptic Curves}},
publisher = {{Chapman and Hall/CRC}},
year = 2008
}

%% ビット長に関する安全性
@techreport{keylengthNIST,
    author = {Elaine Barker},
    title = {Recommendation for Key Management Part 1 General},
    institution={National Institute of Standards and Technology}, 
    year={2019},
    type={NIST Special Publication 800-57 part 1 revision 5}
}


% baby jubjub
@misc{bjj,
title = {Baby Jubjub Elliptic Curve},
author = {Barry WhiteHat and Jordi Baylina and Marta Bell\'{e}s},
howpublished = {https://iden3-docs.readthedocs.io{\slash}en{\slash}latest{\slash}\_downloads{\slash}33717d75ab84e11313cc0d8a090b636f{\slash}Baby-Jubjub.pdf},
note = "[Online; accessed 17-March-2020]"
}

% bn128
@InProceedings{bn128,
author="Barreto, Paulo S. L. M. and Naehrig, Michael",
title="Pairing-Friendly Elliptic Curves of Prime Order",
booktitle="Proceedings of Selected Areas in Cryptography",
year="2006",
pages="319--331",
isbn="978-3-540-33109-4"
}


@misc{GS1,
title = {{GS1 \textbar \ 
 The Global Language of Business}},
howpublished = "{\url{https://www.gs1.org/}}",
note = "[Online; accessed 17-March-2020]"
}
