@InProceedings{C2,
  author = 	 "Jones, C.D. and Smith, A.B. and Roberts, E.F.",
  title =        "Paper Title",
  booktitle =    "Proceedings Title",
  organization = "IEEE",
  year = 	 "2003",
  volume = 	 "II",
  pages = 	 "803-806"
}

@article{kataras2023acct,
  title={ACCT is a fast and accessible automatic cell counting tool using machine learning for 2D image segmentation},
  author={Kataras, Theodore J and Jang, Tyler J and Koury, Jeffrey and Singh, Hina and Fok, Dominic and Kaul, Marcus},
  journal={Scientific Reports},
  volume={13},
  number={1},
  pages={8213},
  year={2023},
  publisher={Nature Publishing Group UK London}
}

@article{zhang2021automatic,
  title={Automatic cell counting from stimulated Raman imaging using deep learning},
  author={Zhang, Qianqian and Yun, Kyung Keun and Wang, Hao and Yoon, Sang Won and Lu, Fake and Won, Daehan},
  journal={Plos one},
  volume={16},
  number={7},
  pages={e0254586},
  year={2021},
  publisher={Public Library of Science San Francisco, CA USA}
}

@misc{he2015deep,
      title={Deep Residual Learning for Image Recognition}, 
      author={Kaiming He and Xiangyu Zhang and Shaoqing Ren and Jian Sun},
      year={2015},
      eprint={1512.03385},
      archivePrefix={arXiv},
      primaryClass={cs.CV}
}

@article{falk2019u,
  title={U-Net: deep learning for cell counting, detection, and morphometry},
  author={Falk, Thorsten and Mai, Dominic and Bensch, Robert and {\c{C}}i{\c{c}}ek, {\"O}zg{\"u}n and Abdulkadir, Ahmed and Marrakchi, Yassine and B{\"o}hm, Anton and Deubner, Jan and J{\"a}ckel, Zoe and Seiwald, Katharina and others},
  journal={Nature methods},
  volume={16},
  number={1},
  pages={67--70},
  year={2019},
  publisher={Nature Publishing Group US New York}
}


@inproceedings{girshick2014rich,
  title={Rich feature hierarchies for accurate object detection and semantic segmentation},
  author={Girshick, Ross and Donahue, Jeff and Darrell, Trevor and Malik, Jitendra},
  booktitle={Proceedings of the IEEE conference on computer vision and pattern recognition},
  pages={580--587},
  year={2014}
}

@article{albelwi2022survey,
  title={Survey on self-supervised learning: auxiliary pretext tasks and contrastive learning methods in imaging},
  author={Albelwi, Saleh},
  journal={Entropy},
  volume={24},
  number={4},
  pages={551},
  year={2022},
  publisher={MDPI}
}

@article{chen2023vertxnet,
  title={VertXNet: an ensemble method for vertebral body segmentation and identification from cervical and lumbar spinal X-rays},
  author={Chen, Yao and Mo, Yuanhan and Readie, Aimee and Ligozio, Gregory and Mandal, Indrajeet and Jabbar, Faiz and Coroller, Thibaud and Papie{\.z}, Bart{\l}omiej W},
  journal={Scientific Reports},
  volume={14},
  number={1},
  pages={3341},
  year={2024},
  publisher={Nature Publishing Group UK London}
}

@inproceedings{ozge2019power,
  title={The power of tiling for small object detection},
  author={Ozge Unel, F and Ozkalayci, Burak O and Cigla, Cevahir},
  booktitle={Proceedings of the IEEE/CVF Conference on Computer Vision and Pattern Recognition Workshops},
  pages={0--0},
  year={2019}
}

@misc{huang2018densely,
      title={Densely Connected Convolutional Networks}, 
      author={Gao Huang and Zhuang Liu and Laurens van der Maaten and Kilian Q. Weinberger},
      year={2018},
      eprint={1608.06993},
      archivePrefix={arXiv},
      primaryClass={cs.CV}
}

@article{tozawa2021possible,
  title={Possible role of MRI-detected osteophytes as a predictive biomarker for development of osteoarthritis of the knee: A study using data from the Osteoarthritis Initiative},
  author={Tozawa, Ryosuke and Ogawa, Yuya and Minamoto, Yusuke and Ninomiya, Taishi and Ogura, Takahiro and Watanabe, Shotaro and Kimura, Seiji and Shiko, Yuki and Kawasaki, Yohei and Akagi, Ryuichiro and others},
  journal={Osteoarthritis and Cartilage Open},
  volume={3},
  number={4},
  pages={100200},
  year={2021},
  publisher={Elsevier}
}

@inproceedings{ebsim2022automatic,
  title={Automatic Segmentation of Hip Osteophytes in DXA Scans using U-Nets},
  author={Ebsim, Raja and Faber, Benjamin G and Saunders, Fiona and Frysz, Monika and Gregory, Jenny and Harvey, Nicholas C and Tobias, Jonathan H and Lindner, Claudia and Cootes, Timothy F},
  booktitle={International Conference on Medical Image Computing and Computer-Assisted Intervention},
  pages={3--12},
  year={2022},
  organization={Springer}
}

@inproceedings{al2016accuracy,
  title={Accuracy of Osteophyte Detection in Conventional Computed Tomography and Magnetic Resonance Imaging of Joints},
  author={Al-Attar, N and Venne, G and Easteal, R and Kunz, M},
  booktitle={Orthopaedic Proceedings},
  volume={98},
  number={SUPP\_5},
  pages={23--23},
  year={2016},
  organization={Bone \& Joint}
}

@inproceedings{wang2016detection,
  title={Detection of degenerative osteophytes of the spine on PET/CT using region-based convolutional neural networks},
  author={Wang, Yinong and Yao, Jianhua and Burns, Joseph E and Liu, Jiamin and Summers, Ronald M},
  booktitle={Computational Methods and Clinical Applications for Spine Imaging: 4th International Workshop and Challenge, CSI 2016, Held in Conjunction with MICCAI 2016, Athens, Greece, October 17, 2016, Revised Selected Papers 4},
  pages={116--124},
  year={2016},
  organization={Springer}
}

@inproceedings{banerjee2011osteophyte,
  title={Osteophyte detection for hand osteoarthritis identification in X-ray images using CNNs},
  author={Banerjee, Sreeparna and Bhunia, Satyajit and Schaefer, Gerald},
  booktitle={2011 Annual International Conference of the IEEE Engineering in Medicine and Biology Society},
  pages={6196--6199},
  year={2011},
  organization={IEEE}
}

@article{oka2010normal,
  title={Normal and threshold values of radiographic parameters for knee osteoarthritis using a computer-assisted measuring system (KOACAD): the ROAD study},
  author={Oka, Hiroyuki and Muraki, Shigeyuki and Akune, Toru and Nakamura, Kozo and Kawaguchi, Hiroshi and Yoshimura, Noriko},
  journal={Journal of Orthopaedic Science},
  volume={15},
  pages={781--789},
  year={2010},
  publisher={Springer}
}

@article{wang2020ss,
  title={SS-CAM: Smoothed Score-CAM for sharper visual feature localization},
  author={Wang, Haofan and Naidu, Rakshit and Michael, Joy and Kundu, Soumya Snigdha},
  journal={arXiv preprint arXiv:2006.14255},
  year={2020}
}

@article{van2007osteophytes,
  title={Osteophytes: relevance and biology},
  author={Van Der Kraan, Peter M and Van Den Berg, Wim B},
  journal={Osteoarthritis and cartilage},
  volume={15},
  number={3},
  pages={237--244},
  year={2007},
  publisher={Elsevier}
}

@article{jones2012l5,
  title={L5 radiculopathy caused by L5 nerve root entrapment by an L5-S1 anterior osteophyte},
  author={Jones, Thomas Louis and Hisey, Michael S},
  journal={International Journal of Spine Surgery},
  volume={6},
  pages={174--177},
  year={2012},
  publisher={International Journal of Spine Surgery}
}

@inproceedings{ronneberger2015u,
  title={U-net: Convolutional networks for biomedical image segmentation},
  author={Ronneberger, Olaf and Fischer, Philipp and Brox, Thomas},
  booktitle={Medical Image Computing and Computer-Assisted Intervention--MICCAI 2015: 18th International Conference, Munich, Germany, October 5-9, 2015, Proceedings, Part III 18},
  pages={234--241},
  year={2015},
  organization={Springer}
}

@article{Shi_2023,
	doi = {10.1007/s10044-023-01181-9},
  
	url = {https://doi.org/10.1007%2Fs10044-023-01181-9},
  
	year = 2023,
	month = {jun},
  
	publisher = {Springer Science and Business Media {LLC}
},
  
	volume = {26},
  
	number = {3},
  
	pages = {941--955},
  
	author = {Xintong Shi and Wenzhi Cao and Sebastian Raschka},
  
	title = {Deep neural networks for rank-consistent ordinal regression based on conditional probabilities},
  
	journal = {Pattern Analysis and Applications}
}

@article{nevalainen2023ultrasound,
  title={The ultrasound assessment of osteoarthritis: the current status},
  author={Nevalainen, Mika T and Uusimaa, Antti-Pekka and Saarakkala, Simo},
  journal={Skeletal Radiology},
  pages={1--12},
  year={2023},
  publisher={Springer}
}

@inproceedings{lin2017focal,
  title={Focal loss for dense object detection},
  author={Lin, Tsung-Yi and Goyal, Priya and Girshick, Ross and He, Kaiming and Doll{\'a}r, Piotr},
  booktitle={Proceedings of the IEEE international conference on computer vision},
  pages={2980--2988},
  year={2017}
}

@inproceedings{nguyen2021vindr,
  title={VinDr-SpineXR: A deep learning framework for spinal lesions detection and classification from radiographs},
  author={Nguyen, Hieu T and Pham, Hieu H and Nguyen, Nghia T and Nguyen, Ha Q and Huynh, Thang Q and Dao, Minh and Vu, Van},
  booktitle={Medical Image Computing and Computer Assisted Intervention--MICCAI 2021: 24th International Conference, Strasbourg, France, September 27--October 1, 2021, Proceedings, Part V 24},
  pages={291--301},
  year={2021},
  organization={Springer}
}

@book{czervionke2011imaging,
  title={Imaging Painful Spine Disorders E-Book},
  author={Czervionke, Leo F and Fenton, Douglas S},
  year={2011},
  publisher={Elsevier Health Sciences}
}

@article{morelli2021automating,
  title={Automating cell counting in fluorescent microscopy through deep learning with c-ResUnet},
  author={Morelli, Roberto and Clissa, Luca and Amici, Roberto and Cerri, Matteo and Hitrec, Timna and Luppi, Marco and Rinaldi, Lorenzo and Squarcio, Fabio and Zoccoli, Antonio},
  journal={Scientific Reports},
  volume={11},
  number={1},
  pages={22920},
  year={2021},
  publisher={Nature Publishing Group UK London}
}

@INPROCEEDINGS{8455796,
  author={Khan, Naimat Ullah and Wan, Wanggen},
  booktitle={2018 International Conference on Audio, Language and Image Processing (ICALIP)}, 
  title={A Review of Human Pose Estimation from Single Image}, 
  year={2018},
  volume={},
  number={},
  pages={230-236},
  doi={10.1109/ICALIP.2018.8455796}}
